23700000         2868756660001090000000000000008530500156 0000000853054 AGUINALDO LUCAS               BRADESCO                                12404202317530800000108401600                                                                     
23700011R01  042 20868756660001090000000000000008530500156 0000000853054 AGUINALDO LUCAS                                                                                               000000012404202300000000                                 
2370001300001P 0100156 0000000853054 0090000000000000002P11122BB000001A      2404202300000000085510000000002N21042023124052023000000000000020124052023000000000001000000000000000000000000000000000CHAVEPRIMARIA1           3001060090000000000 
2370001300002Q 012071738978000101POSITIVO PJ                             AVENIDA CURITIBA 123                    CAMPO COMPRIDO 12345678CURITIBA       PR0000000000000000                                        000                            
2370001300003R 01000000000000000000000000000000000000000000000000124052023000000000000200                                                                                                              00000000                       0         
23700015         000005000001000000000008551000000000000000000000000000000000000000000000000                                                                                                                                                    
23799999         000001000007000000                                                                                                                                                                                                             
